@mastersthesis{297:Frey2010, 
  author = "Michael Frey", 
  title = "{Ein Ansatz f√ºr eine Spezifikationssprache zur Generierung von Verarbeitungsvorschriften in heterogenen Complex-Event-Processing-Systemen}", 
  year = "{2010}",
  month = "{October}", 
  school = "{Hochschule RheinMain, FB Design Informatik Medien}"
}

@misc{tycho,
  author = "Eclipse Foundation",
  title = "http://www.eclipse.org/tycho/documentation.php",
  note = "Last visted: 22th November 2011"
}
